@article{Hu2000,
  author = {Hu, Wayne and Barkana, Rennan and Gruzinov, Andrei},
  title = {Fuzzy Cold Dark Matter: The Wave Properties of Ultralight Particles},
  journal = {Phys. Rev. Lett.},
  volume = {85},
  number = {6},
  pages = {1158--1161},
  year = {2000},
  doi = {10.1103/PhysRevLett.85.1158}
}

@article{Marsh2016,
  author = {Marsh, David J. E.},
  title = {Axion Cosmology},
  journal = {Phys. Rept.},
  volume = {643},
  pages = {1--79},
  year = {2016},
  doi = {10.1016/j.physrep.2016.06.005},
  eprint = {1510.07633},
  archivePrefix = {arXiv},
  primaryClass = {astro-ph.CO}
}

@article{Schive2014,
  author = {Schive, Hsi-Yu and Chiueh, Tzihong and Broadhurst, Tom},
  title = {Cosmic Structure as the Quantum Interference of a Coherent Dark Wave},
  journal = {Nature Phys.},
  volume = {10},
  pages = {496--499},
  year = {2014},
  doi = {10.1038/nphys2996},
  eprint = {1406.6586},
  archivePrefix = {arXiv},
  primaryClass = {astro-ph.GA}
}

@article{Starobinsky1980,
  author = {Starobinsky, Alexei A.},
  title = {A New Type of Isotropic Cosmological Models Without Singularity},
  journal = {Phys. Lett. B},
  volume = {91},
  number = {1},
  pages = {99--102},
  year = {1980},
  doi = {10.1016/0370-2693(80)90670-X}
}

@article{Sotiriou2010,
  author = {Sotiriou, Thomas P. and Faraoni, Valerio},
  title = {$f(R)$ Theories of Gravity},
  journal = {Rev. Mod. Phys.},
  volume = {82},
  number = {1},
  pages = {451--497},
  year = {2010},
  doi = {10.1103/RevModPhys.82.451},
  eprint = {0805.1726},
  archivePrefix = {arXiv},
  primaryClass = {gr-qc}
}

@article{Nojiri2011,
  author = {Nojiri, Shin'ichi and Odintsov, Sergei D.},
  title = {Unified cosmic history in modified gravity: from $F(R)$ theory to Lorentz non-invariant models},
  journal = {Phys. Rept.},
  volume = {505},
  pages = {59--144},
  year = {2011},
  doi = {10.1016/j.physrep.2011.04.001},
  eprint = {1011.0544},
  archivePrefix = {arXiv},
  primaryClass = {gr-qc}
}

@article{Capozziello2011,
  author = {Capozziello, Salvatore and De Laurentis, Mariafelicia},
  title = {Extended Theories of Gravity},
  journal = {Phys. Rept.},
  volume = {509},
  pages = {167--321},
  year = {2011},
  doi = {10.1016/j.physrep.2011.09.003},
  eprint = {1108.6266},
  archivePrefix = {arXiv},
  primaryClass = {gr-qc}
}

@article{Bullock2017,
  author = {Bullock, James S. and Boylan-Kolchin, Michael},
  title = {Small-Scale Challenges to the $\Lambda$CDM Paradigm},
  journal = {Ann. Rev. Astron. Astrophys.},
  volume = {55},
  pages = {343--387},
  year = {2017},
  doi = {10.1146/annurev-astro-091916-055313},
  eprint = {1707.04256},
  archivePrefix = {arXiv},
  primaryClass = {astro-ph.CO}
}

@article{Hui2017,
  author = {Hui, Lam and Ostriker, Jeremiah P. and Tremaine, Scott and Witten, Edward},
  title = {Ultralight Scalars as Cosmological Dark Matter},
  journal = {Phys. Rev. D},
  volume = {95},
  number = {4},
  pages = {043541},
  year = {2017},
  doi = {10.1103/PhysRevD.95.043541},
  eprint = {1610.08297},
  archivePrefix = {arXiv},
  primaryClass = {astro-ph.CO}
}

@article{VanTilburg2015,
  author = {Van Tilburg, Ken and Leefer, Nathan and Bougas, Lykourgos and Budker, Dmitry},
  title = {Search for Ultralight Scalar Dark Matter with Atomic Spectroscopy},
  journal = {Phys. Rev. Lett.},
  volume = {115},
  pages = {011802},
  year = {2015},
  doi = {10.1103/PhysRevLett.115.011802},
  eprint = {1503.06886},
  archivePrefix = {arXiv},
  primaryClass = {hep-ph}
}
